@article{Vono_SIREV_2022,
author = {Maxime Vono and Nicolas Dobigeon and Pierre Chainais},
title = {High-Dimensional Gaussian Sampling: A Review and a Unifying Approach Based on a Stochastic Proximal Point Algorithm},
year = {2022},
journal = {SIAM Review},
volume = 64,
number = 1,
pages = {3-56},
doi = {https://doi.org/10.1137/20M1371026}
}