@article{FoxParker14,
author = {Fox, Colin and Parker, Albert},
title = {{Convergence in Variance of Chebyshev Accelerated Gibbs Samplers}},
journal = {SIAM J. Sci. Comput.},
volume = {36},
number = {1},
pages = {A124-A147},
year = {2014},
doi = {10.1137/120900940}
}

@article{green95,
    author = {Green, Peter J.},
    title = {{Reversible jump Markov chain Monte Carlo computation and Bayesian model determination}},
    journal = {Biometrika},
    volume = {82},
    number = {4},
    pages = {711-732},
    year = {1995},
    month = {12},
    doi = {10.1093/biomet/82.4.711}
}





@article{tridiag1,
author = {Gu, Ming and Eisenstat, Stanley C.},
title = {A Divide-and-Conquer Algorithm for the Symmetric Tridiagonal Eigenproblem},
journal = {SIAM J. Matrix Anal. Appl.},
volume = {16},
number = {1},
pages = {172-191},
year = {1995},
doi = {10.1137/S0895479892241287}
}

@article{tridiag2,
title = {A fast divide-and-conquer algorithm for computing the spectra of real symmetric tridiagonal matrices},
journal = {Appl. Comput. Harmonic Anal.},
volume = {34},
number = {3},
pages = {379-414},
year = {2013},
issn = {1063-5203},
doi = {https://doi.org/10.1016/j.acha.2012.06.003},
author = {Ed S. Coakley and Vladimir Rokhlin}
}


@book{Mallat_book,
author = {Mallat, Stphane},
title = {A Wavelet Tour of Signal Processing, Third Edition: The Sparse Way},
year = {2008},
isbn = {0123743702},
publisher = {Academic Press, Inc.},
address = {USA},
edition = {3rd}
}

@article{HobertJones2001,
author = {James P. Hobert and Galin L. Jones},
title = {{Honest Exploration of Intractable Probability Distributions via
          Markov Chain Monte Carlo}},
volume = {16},
journal = {Stat. Sci.},
number = {4},
publisher = {Institute of Mathematical Statistics},
pages = {312 -- 334},
year = {2001},
doi = {10.1214/ss/1015346317}
}

@book{axelsson_1994, place={Cambridge}, title={Iterative Solution Methods}, DOI={10.1017/CBO9780511624100}, publisher={Cambridge University Press}, author={Axelsson, Owe}, year={1994}}

@InProceedings{pmlr-v51-wang16a, 
title = {{Precision Matrix Estimation in High Dimensional Gaussian Graphical Models with Faster Rates}}, 
author = {Lingxiao Wang and Xiang Ren and Quanquan Gu}, 
booktitle = {Proc. Int. Conf. on Artificial Intelligence and Statistics}, 
pages = {177--185}, 
year = {2016}, 
editor = {Arthur Gretton and Christian C. Robert}, volume = {51}, 
series = {Proceedings of Machine Learning Research} 
}

@article{Jeffreys1946,
 author = {Harold Jeffreys},
 journal = {Proc. R. Soc. A},
 number = {1007},
 pages = {453--461},
 title = {An Invariant Form for the Prior Probability in Estimation Problems},
 volume = {186},
 year = {1946}
}

@book{Havil2003,
 author = {Julian Havil},
 publisher = {Princeton University Press},
 title = {Gamma: Exploring Euler's Constant},
 year = {2003}
}

@book{Hastie2001,
  author = "Hastie, Trevor and Tibshirani, Robert and Friedman, Jerome",
  publisher = spring,
  title = {The Elements of Statistical Learning},
  year = "2001"
}

@BOOK{Kay1993,
  title = {Fundamentals of Statistical Signal Processing: Estimation theory},
  publisher = prent,
  year = {1993},
  author = {Steven M. Kay},
  address = {Englewood Cliffs NJ},
  available = {n},
  topic = { }
}


@article{Pereyra2016A,
author = "Pereyra, Marcelo and Schniter, Philip and Chouzenoux, Emilie and Pesquet, Jean-Christophe and Tourneret, Jean-Yves and Hero, Alfred and McLaughlin, Steve",
number = "2",
pages = "224-241",
title = {A Survey of Stochastic Simulation and Optimization Methods in Signal Processing},
volume = "10",
year = "2016",
month = mar,
journal = IEEEJSTSP
}

@book{Robert2004,
 author = {Robert, Christian P. and Casella, George},
 title = {Monte Carlo Statistical Methods},
 year = {2004},
 publisher = {Springer}
}

@article{Hwang2004,
author = "Hwang, Dick G. and Green, Phil",
journal = "Proc. of the National Academy of Sciences",
publisher = "National Academy of Sciences",
number = "39",
pages = "13994-14001",
title = {Bayesian {Markov chain Monte Carlo} sequence analysis reveals varying neutral substitution patterns in mammalian evolution},
volume = "101",
year = "2004"
}

@article{VonToussaint2011,
  title = {Bayesian inference in physics},
  author = {von Toussaint, Udo},
  journal = {Rev. Mod. Phys.},
  volume = {83},
  issue = {3},
  pages = {943--999},
  year = {2011},
  month = sep,
  publisher = {American Physical Society}
}

@Inbook{Loredo1992,
author="Loredo, Thomas J.",
editor="Feigelson, Eric D.
and Babu, G. Jogesh",
title={Promise of Bayesian Inference for Astrophysics},
bookTitle={Statistical Challenges in Modern Astronomy},
year="1992",
publisher=spring,
pages="275--297"
}

@article{Reis2005,
title = {Bayesian {MCMC} flood frequency analysis with historical information},
journal = {Journal of Hydrology},
volume = "313",
number = "1",
pages = "97-116",
year = "2005",
author = "Dirceu S. Reis and Jery R. Stedinger"
}

@article{Trotta2008,
author = {Trotta, Roberto},
title = {Bayes in the sky: Bayesian inference and model selection in cosmology},
journal = {Contemporary Physics},
volume = {49},
number = {2},
pages = {71-104},
year  = {2008},
publisher = {Taylor & Francis}
}

@article{Veitch2015,
title = {Parameter estimation for compact binaries with ground-based gravitational-wave observations using the {LALInference} software library},
author = "J. Veitch and V. Raymond and B. Farr and W. Farr and P. Graff and S. Vitale and B. Aylott and K. Blackburn and N. Christensen and M. Coughlin and {Del Pozzo}, W. and F. Feroz and J. Gair and Haster, {C. J.} and V. Kalogera and T. Littenberg and I. Mandel and R. O'Shaughnessy and M. Pitkin and C. Rodriguez and C. Röver and T. Sidery and R. Smith and {Van Der Sluys}, M. and A. Vecchio and W. Vousden and L. Wade",
year = "2015",
month = feb,
volume = "91",
journal = PRD,
number = "4"
}

@article{Duane1987,
title = {{Hybrid Monte Carlo}},
journal = {Phys. Lett. B},
volume = "195",
number = "2",
pages = "216 - 222",
year = "1987",
author = "Simon Duane and A.D. Kennedy and Brian J. Pendleton and Duncan Roweth"
}

@article{Pereyra2016B,
author="Pereyra, Marcelo",
title={{Proximal Markov chain Monte Carlo algorithms}},
journal=StatComput,
year="2016",
month=jul,
volume="26",
number="4",
pages="745--760"
}

@article{Combettes2005,
author = {Patrick L. Combettes and V. R. Wajs},
title = {Signal Recovery by Proximal Forward-Backward Splitting},
journal = SIAMMMS,
volume = {4},
number = {4},
pages = {1168-1200},
year = {2005}
}

@article{Figueiredo2003a,
author={M. A. T. Figueiredo and R. D. Nowak},
journal=IEEEIP,
title={An {EM} algorithm for wavelet-based image restoration},
year={2003},
volume={12},
number={8},
pages={906-916},
month=aug
}

@article{Daubechies2004,
author = {I. Daubechies and M. Defrise and C. De Mol},
title = {An iterative thresholding algorithm for linear inverse problems with a sparsity constraint},
journal = CPAM,
volume = {57},
number = {11},
pages = {1413-1457},
year="2004"
}

@ARTICLE{Elad2006,
author={M. Elad},
journal=IEEEIT,
title={Why Simple Shrinkage Is Still Relevant for Redundant Representations?},
year={2006},
volume={52},
number={12},
pages={5559-5569},
month=dec
}

@article{Hale2008,
author = {Elaine T. Hale and Wotao Yin and Yin Zhang},
title = {Fixed-Point Continuation for $\ell_1$-Minimization: Methodology and Convergence},
journal = SIAMO,
volume = {19},
number = {3},
pages = {1107-1130},
year = {2008}
}

@article{Bioucas-Dias2007,
author={J. M. Bioucas-Dias and M. A. T. Figueiredo},
journal=IEEEIP,
title={A New {TwIST}: Two-Step Iterative Shrinkage/Thresholding Algorithms for Image Restoration},
year={2007},
volume={16},
number={12},
pages={2992-3004},
month=dec
}

@article{Elvira2017,
author={C. Elvira and P. Chainais and N. Dobigeon},
journal=IEEESP,
title={Bayesian Antisparse Coding},
year={2017},
volume={65},
number={7},
pages={1660-1672},
month=apr
}

@article{Durmus2018,
author = {Alain Durmus and E. Moulines and Marcelo Pereyra},
title = {Efficient {Bayesian} Computation by Proximal {Markov chain Monte Carlo}: When {Langevin} Meets {Moreau}},
journal = SIAMIS,
volume = {11},
number = {1},
pages = {473-506},
year = {2018}
}

@article{Courant1943,
author = {Courant, R.},
journal = BAMS,
pages = {1--23},
title = {{Variational methods for the solution of problems of equilibrium and vibrations}},
volume = {49},
year = {1943}
}

@article{Boyd2011,
 author = {Boyd, Stephen and Parikh, Neal and Chu, Eric and Peleato, Borja and Eckstein, Jonathan},
 title = {Distributed Optimization and Statistical Learning via the Alternating Direction Method of Multipliers},
 journal = {Found. Trends Mach. Learn.},
 volume = {3},
 number = {1},
 month = jan,
 year = {2011},
 pages = {1--122},
 publisher = {Now Publishers Inc.}
}

@article{Gabay1976,
  title = {A dual algorithm for the solution of nonlinear variational problems via finite element approximation},
  journal = {Comput. Math. Appl.},
  volume = {2},
  number = {1},
  pages = {17--40},
  year = {1976},
  author = {Daniel Gabay and Bertrand Mercier},
  doi = {10.1016/0898-1221(76)90003-1}
}

@article{Glowinski1975,
  author = {{Glowinski, R.} and {Marroco, A.}},
  title = {Sur l'approximation, par \'el\'ements finis d'ordre un, et la r\'esolution, par p\'enalisation-dualit\'e d'une classe de probl\`emes de {D}irichlet non lin\'eaires},
  journal = {RAIRO. Anal. Numérique},
  year = {1975},
  volume = {9},
  pages = {41--76},
  url = {http://www.numdam.org/item/M2AN_1975__9_2_41_0}
}

@article{Beck2009,
author = {Amir Beck and Marc Teboulle},
title = {A Fast Iterative Shrinkage-Thresholding Algorithm for Linear Inverse Problems},
journal = SIAMIS,
volume = {2},
number = {1},
pages = {183-202},
year = {2009}
}

@article{Afonso2010,
author={M. V. Afonso and J. M. Bioucas-Dias and M. A. T. Figueiredo},
journal={IEEE Trans. Image Process.},
title={Fast Image Recovery Using Variable Splitting and Constrained Optimization},
year={2010},
volume={19},
number={9},
pages={2345-2356},
month=sep
}

@article{Afonso2011,
author={M. V. Afonso and J. M. Bioucas-Dias and M. A. T. Figueiredo},
journal={IEEE Trans. Image Process.},
title={An Augmented {Lagrangian} Approach to the Constrained Optimization Formulation of Imaging Inverse Problems},
year={2011},
volume={20},
number={3},
pages={681-695},
month=mar
}

@article{Thouvenin2016,
author={P. A. Thouvenin and N. Dobigeon and J. Y. Tourneret},
journal=IEEESP,
title={Hyperspectral Unmixing With Spectral Variability Using a Perturbed Linear Mixing Model},
year={2016},
volume={64},
number={2},
pages={525-538},
month=jan
}

@ARTICLE{Halimi2017,
author={A. Halimi and J. M. Bioucas-Dias and N. Dobigeon and G. S. Buller and S. McLaughlin},
journal=IEEECI,
title={Fast Hyperspectral Unmixing in Presence of Nonlinearity or Mismodeling Effects},
year={2017},
volume={3},
number={2},
pages={146-159},
month=jun
}

@Inbook{Combettes2011,
author="Combettes, Patrick L. and Pesquet, Jean-Christophe",
title="Proximal Splitting Methods in Signal Processing",
bookTitle="Fixed-Point Algorithms for Inverse Problems in Science and Engineering",
year="2011",
publisher=spring,
pages="185--212"
}

@article{Dyk2001,
 author = {David A. van Dyk and Xiao-Li Meng},
 journal = {J. Comput. Graph. Stat.},
 number = {1},
 pages = {1--50},
 title = {{The Art of Data Augmentation}},
 volume = {10},
 year = {2001},
 doi = {10.1198/10618600152418584}
}

@article{Besag1993,
 author = {Julian Besag and Peter J. Green},
 journal = JROYSB,
 number = {1},
 pages = {25--37},
 title = {Spatial Statistics and {Bayesian} Computation},
 volume = {55},
 year = {1993}
}

@article{Higdon1998,
 author = {David M. Higdon},
 journal = JAStA,
 number = {442},
 pages = {585--595},
 title = {Auxiliary Variable Methods for {Markov} Chain {Monte Carlo} with Applications},
 volume = {93},
 year = {1998}
}

@article{Marnissi2018,
  author = {Marnissi, Yosra and Chouzenoux, Emilie and Benazza-Benyahia, Amel and Pesquet, Jean-Christophe},
  title = {{An Auxiliary Variable Method for {Markov} Chain {Monte Carlo} Algorithms in High Dimension}},
  journal = {Entropy},
  volume = {20},
  year = {2018},
  number = {2},
  doi = {10.3390/e20020110}
}

@inproceedings{Papandreou2011,
  title = {Gaussian sampling by local perturbations},
  author = {George Papandreou and Yuille, Alan L},
  booktitle = {Adv. in Neural Information Process. Systems},
  pages = {1858--1866},
  year = {2010}
}

@article{Gilavert2015,
  author = {C. Gilavert and S. Moussaoui and J. Idier},
  journal = {IEEE Trans. Signal Process.},
  title = {Efficient {Gaussian} {S}ampling for {S}olving {Large}-{Scale} {Inverse} {Problems} {Using} {MCMC}},
  year = {2015},
  volume = {63},
  number = {1},
  pages = {70-80},
  month = jan,
  doi = {10.1109/TSP.2014.2367457}
}

@article{Feron2016,
  author = {O. F\'eron and F. Orieux and J. F. Giovannelli},
  journal = {IEEE J. Sel. Topics Signal Process.},
  title = {Gradient {S}can {Gibbs} {S}ampler: {A}n {E}fficient {A}lgorithm for {H}igh-{D}imensional {Gaussian} {D}istributions},
  doi = {10.1109/JSTSP.2015.2510961},
  year = {2016},
  volume = {10},
  number = {2},
  pages = {343--352},
  month = mar
}

@article{Chambolle2004,
author="Chambolle, Antonin",
title="An Algorithm for Total Variation Minimization and Applications",
journal=JMIV,
year="2004",
month=jan,
volume="20",
number="1",
pages="89--97"
}

@book{Rockafellar1998,
  title={Variational Analysis},
  Author={{R. Tyrrell} Rockafellar and Roger J.-B. Wets},
  Publisher=spring,
  Year= {1998}
}

@article{Likas2004,
author={A. C. Likas and N. P. Galatsanos},
journal={IEEE Trans. Signal Process.},
title={A variational approach for {Bayesian} blind image deconvolution},
year={2004},
volume={52},
number={8},
pages={2222-2233},
month=aug
}

@ARTICLE{Molina2006,
author={R. Molina and J. Mateos and A. K. Katsaggelos},
journal={IEEE Trans. Image Process.},
title={Blind Deconvolution Using a Variational Approach to Parameter, Image, and Blur Estimation},
year={2006},
volume={15},
number={12},
pages={3715-3727},
month=dec
}

@article{Molina1989,
author = {R. Molina and B. D. Ripley },
title = {Using spatial models as priors in astronomical image analysis},
journal = {J. Appl. Stat.},
volume = {16},
number = {2},
pages = {193-206},
year  = {1989}
}

@INPROCEEDINGS{Chambolle2010,
author = {A. Chambolle and M. Novaga and D. Cremers and T. Pock},
title = {An introduction to total variation for image analysis},
booktitle = {Theoretical Foundations and Numerical Methods for Sparse Recovery, De Gruyter},
year = {2010}
}

@article{Rudin1992,
author = {Rudin, Leonid I. and Osher, Stanley and Fatemi, Emad},
title = {Nonlinear Total Variation Based Noise Removal Algorithms},
journal = PRD,
volume = {60},
number = {1-4},
month = nov,
year = {1992},
pages = {259--268}
}

@article{Strong2003,
  author={David Strong and Tony Chan},
  title={Edge-preserving and scale-dependent properties of total variation regularization},
  journal={Inverse Problems},
  volume={19},
  number={6},
  pages={S165-S187},
  year={2003}
}

@book{Williams1991,
title={Probability with Martingales},
publisher={Cambridge University Press},
author={Williams, David},
year={1991}}

@book{Durrett11,
    author = {Rick Durrett},
    title = {Probability: Theory and examples},
    publisher={Cambridge University Press},
    year = {2011}
}

@Book{Billingsely86,
  Title = {Probability and Measure},
  Author = {Patrick Billingsley},
  Publisher = {John Wiley and Sons},
  Year = {1986},
  Edition = {Second}
}

@article{Rosenthal95,
author = { Jeffrey S.   Rosenthal },
title = {Minorization Conditions and Convergence Rates for {Markov} Chain {Monte} {Carlo}},
journal = JAStA,
volume = {90},
number = {430},
pages = {558-566},
year  = {1995},
publisher = {Taylor & Francis}
}

@ARTICLE{Jones01,
    author = {Galin L. Jones and James P. Hobert},
    title = {Honest Exploration of Intractable Probability Distributions Via {Markov} Chain {Monte} {Carlo}},
    journal = {Statist. Sci},
    year = {2001},
    volume = {16},
    pages = {312--334}
}

@book{Gradshteyn2015,
  author = {Gradshteyn, I. S. and Ryzhik, I. M.},
  edition = {Eighth},
  title = {Table of integrals, series, and products},
  year = 2015
}

@techreport{Boisbunon2012,
     title = {The class of multivariate spherically symmetric distributions},
     author = {A. Boisbunon},
     year = 2012
}

@book{MeynTweedie1993,
  author = {Meyn, S.P. and Tweedie, R.L.},
  title = {Markov Chains and Stochastic Stability},
  year = 1993,
  edition = 2
}

@article{RobertsRosenthal2001,
 author = {Gareth O. Roberts and Jeffrey S. Rosenthal},
 journal = {Scandinavian Journal of Statistics},
 number = {3},
 pages = {489--504},
 title = {Markov Chains and De-Initializing Processes},
 volume = {28},
 year = {2001}
}

@article{Roberts2006,
author = "Roberts, Gareth O. and Rosenthal, Jeffrey S.",
journal = "Ann. Appl. Probab.",
month = "11",
number = "4",
pages = "2123--2139",
title = "Harris recurrence of {M}etropolis-within-{G}ibbs and trans-dimensional {M}arkov chains",
volume = "16",
year = "2006"
}

@Book{Billingsely86,
  Title = {Probability and Measure},
  Author = {Patrick Billingsley},
  Publisher = {John Wiley and Sons},
  Year = {1986},
  Edition = {Second}
}

@article{Rosenthal95,
author = { Jeffrey S.   Rosenthal },
title = {Minorization Conditions and Convergence Rates for {Markov} Chain {Monte} {Carlo}},
journal = JAStA,
volume = {90},
number = {430},
pages = {558-566},
year  = {1995},
publisher = {Taylor & Francis}
}

@Book{NoceWrig06,
  Title = {Numerical Optimization},
  Author = {Jorge Nocedal and Stephen J. Wright},
  Publisher = {Springer},
  Year = {2006},
  Edition = {second}
}

@article{Goldstein2009,
 author = {Goldstein, Tom and Osher, Stanley},
 title = {The Split {Bregman} Method for $\ell_1$-Regularized Problems},
 journal = {SIAM J. Img. Sci.},
 volume = {2},
 number = {2},
 month = apr,
 year = {2009},
 pages = {323--343}
}

@Article{Eckstein1992,
  author = {Eckstein, Jonathan and Bertsekas, Dimitri P.},
  title = {On the {D}ouglas---{R}achford splitting method and the proximal point algorithm for maximal monotone operators},
  journal = {Mathematical Programming},
  year = {1992},
  month = apr,
  volume = {55},
  number = {1},
  pages = {293--318},
  doi = {10.1007/BF01581204}
}

@inproceedings{Xu17A,
title = {{ADMM} without a Fixed Penalty Parameter: Faster Convergence with New Adaptive Penalization},
author = {Xu, Yi and Liu, Mingrui and Lin, Qihang and Yang, Tianbao},
booktitle = NIPS,
year = {2017}
}

@InProceedings{Xu17B,
  title =    {{Adaptive ADMM with Spectral Penalty Parameter Selection}},
  author =   {Zheng Xu and Mario Figueiredo and Tom Goldstein},
  booktitle = AISTATS,
  year =   {2017}
}

@book{Robert94,
  author = {Christian P. Robert},
  title = {{The {Bayesian} Choice: a decision-theoretic motivation}},
  publisher = {Springer},
  year = {2001}
  }

@article{Lindley72,
 author = {D. V. Lindley and A. F. M. Smith},
 journal = JROYSB,
 number = {1},
 pages = {1--41},
 title = {Bayes Estimates for the Linear Model},
 volume = {34},
 year = {1972}
}

@article{Hewitt55,
    author = {Hewitt, E. and Savage, L. J.},
    journal = {Trans. Amer. Math. Soc},
    number = {1},
    pages = {470--501},
    title = {Symmetric measures on Cartesian products},
    volume = {80},
    year = {1955}
}

@article{deFinetti31,
  author = {{de Finetti}, B.},
  journal = {Atti della R. Accademia Nazionale dei Lincei, Ser. 6. Memorie, Classe di Scienze Fisiche, Matematiche e Naturali 4},
  pages = {251--299},
  title = {Funzione caratteristica di un fenomeno aleatorio},
  year = 1931
}

@article{Wang2018,
author = "Wang, Chong and Blei, David M.",
journal = "Bayesian Anal.",
title = {A General Method for Robust {Bayesian} Modeling},
year = "2018"
}

@article{Hoffman2013,
 author = {Hoffman, Matthew D. and Blei, David M. and Wang, Chong and Paisley, John},
 title = {Stochastic Variational Inference},
 journal = JMLR,
 volume = {14},
 number = {1},
 month = may,
 year = {2013}
}

@article{Bach2012,
 author = {Bach, F. and Jenatton, R. and Mairal, J. and Obozinski, G.},
 title = {Optimization with Sparsity-Inducing Penalties},
 journal = {Found. Trends Mach. Learn.},
 volume = {4},
 number = {1},
 month = jan,
 year = {2012},
 pages = {1--106}
}

@article{Chuang1997,
title = "High school youths' dropout and re-enrollment behavior",
journal = "Economics of Education Review",
volume = "16",
number = "2",
pages = "171 - 186",
year = "1997",
author = "H-L. Chuang"
}

@article{Figueiredo2003,
author={M. A. T. Figueiredo},
journal=IEEEPAMI,
title={Adaptive sparseness for supervised learning},
year={2003},
volume={25},
number={9},
pages={1150-1159},
month=sep}

@article{Park2008,
  author = {T. Park and G. Casella},
  title = {The {Bayesian} {L}asso},
  journal = {J. Amer. Stat. Assoc.},
  volume = {103},
  number = {482},
  pages = {681--686},
  year  = {2008},
  doi = {10.1198/016214508000000337}
}

@article {Donoho2003,
  author = {Donoho, D. L. and Elad, M.},
  title = {Optimally sparse representation in general (nonorthogonal) dictionaries via $\ell_1$ minimization},
  volume = {100},
  number = {5},
  pages = {2197--2202},
  year = {2003},
  journal = {Proc. Nat. Academy of Science}
}

@inproceedings{Ng2004,
 author = {Ng, A. Y.},
 title = {Feature Selection, {$L_1$} vs. {$L_2$} Regularization, and Rotational Invariance},
 booktitle = ICML,
 year = {2004}
}

@article {Olshausen1996,
  author = {Olshausen, B. A. and Field, D. J.},
  title = {Emergence of simple-cell receptive field properties by learning a sparse code for natural images},
  volume = {381},
  pages = {607-609},
  year = {1996},
  journal = {Nature}
}

@article{Scott1998,
author = {S. Shaobing Chen and D. L. Donoho and M. A. Saunders},
title = {Atomic Decomposition by Basis Pursuit},
journal = SIAMSC,
volume = {20},
number = {1},
pages = {33-61},
year = {1998}
}

@article{Vono2019,
author = {M. Vono and N. Dobigeon and P. Chainais},
title = {Split-and-augmented {Gibbs} sampler - {Application} to large-scale inference problems},
journal = {IEEE Trans. Signal Process.},
volume = {67},
number = {6},
pages = {1648--1661},
year = {2019},
doi = {10.1109/TSP.2019.2894825}
}

@ARTICLE{Krishnapuram,
author={B. Krishnapuram and L. Carin and M. A. T. Figueiredo and A. J. Hartemink},
journal=IEEEPAMI,
title={Sparse multinomial logistic regression: fast algorithms and generalization bounds},
year={2005},
volume={27},
number={6},
pages={957-968},
month=jun
}

@article{Albert1993,
 author = {J. H. Albert and S. Chib},
 journal = JAStA,
 number = {422},
 pages = {669--679},
 title = {Bayesian Analysis of Binary and Polychotomous Response Data},
 volume = {88},
 year = {1993}
}

@article{Holmes2006,
author = "Holmes, C. C. and Held, L.",
journal = "Bayesian Anal.",
month = "03",
number = "1",
pages = "145--168",
title = "Bayesian auxiliary variable models for binary and multinomial regression",
volume = "1",
year = "2006"
}

@Inbook{Fruhwirth-Schnatter2010,
author="Fr{\"u}hwirth-Schnatter, S.
and Fr{\"u}hwirth, R.",
title="Data Augmentation and {MCMC} for Binary and Multinomial Logit Models",
bookTitle="Statistical Modelling and Regression Structures",
year="2010",
pages="111--132"
}

@article{Gramacy2012,
author = "Gramacy, R. B. and Polson, N. G.",
journal = "Bayesian Anal.",
month = sep,
number = "3",
pages = "567--590",
title = "Simulation-based Regularized Logistic Regression",
volume = "7",
year = "2012"
}

@article{Polson2013,
  author = {N. G.   Polson  and  J. G.   Scott  and  J.   Windle},
  title = {{Bayesian Inference for Logistic Models Using {Polya-Gamma} Latent Variables}},
  journal = {J. Amer. Stat. Assoc.},
  volume = {108},
  number = {504},
  pages = {1339--1349},
  year  = {2013},
  doi = {10.1080/01621459.2013.829001}
}

@article{Briceno2017,
author = {Briceno-Arias, L. M. and Chierchia, G. and Chouzenoux, E. and Pesquet, J.-C.},
title = {A Random Block-Coordinate {Douglas-Rachford} Splitting Method with Low Computational Complexity for Binary Logistic Regression},
journal = {submitted},
url = {http://www.optimization-online.org/DB_HTML/2018/12/6397.html},
year = {2017},
month = dec
}

@article{Maignan2016,
 author = {Maignan, A. and Scott, T. C.},
 title = {Fleshing out the Generalized {Lambert W} Function},
 journal = {ACM Commun. Comput. Algebra},
 volume = {50},
 number = {2},
 month = aug,
 year = {2016},
 pages = {45--60}
}

@article{Mezo2017,
 author = {Mez\"{o}, I. and and Baricz, \'A.},
 title = {On the generalization of the {Lambert W} function},
 journal = {Trans. Amer. Math. Soc.},
 volume = {369},
 year = {2017},
 pages = {7917-7934}
}

@article{Rifkin2004,
 author = {Rifkin, R. and Klautau, A.},
 title = {In Defense of One-Vs-All Classification},
 journal = {J. Mach. Learn. Res.},
 volume = {5},
 month = dec,
 year = {2004},
 pages = {101--141}
}

@article{Bardenet2017,
  TITLE = {{On Markov chain Monte Carlo methods for tall data}},
  AUTHOR = {Bardenet, R{\'e}mi and Doucet, Arnaud and Holmes, Chris},
  JOURNAL = {{J. Mach. Learn. Res.}},
  YEAR = {2017},
  MONTH = May
}

@Article{Levine2005,
author="Levine, Richard A.
and Yu, Zhaoxia
and Hanley, William G.
and Nitao, John J.",
title="Implementing random scan {Gibbs} samplers",
journal="Comput. Stat.",
year="2005",
month="Mar",
volume="20",
number="1",
pages="177--196"
}

@InProceedings{Wan2013,
  title =    {Regularization of Neural Networks using {DropConnect}},
  author =   {Li Wan and Matthew Zeiler and Sixin Zhang and Yann Le Cun and Rob Fergus},
  booktitle =  ICML,
  pages =    {1058--1066},
  year =   {2013},
  volume =   {28},
  number =       {3}
}

@article{Watson2016,
author = "Watson, James and Holmes, Chris",
journal = "Statist. Sci.",
month = nov,
number = "4",
pages = "465--489",
title = "Approximate Models and Robust Decisions",
volume = "31",
year = "2016"
}

@book{Gelman95,
    author = {Andrew Gelman and Christian Robert and Nicolas Chopin and Judith Rousseau},
    title = {Bayesian Data Analysis},
    year = {1995}
}

@Inbook{Berger2000,
author="Berger, James O.
and Insua, David R{\'i}os
and Ruggeri, Fabrizio",
editor="Insua, David R{\'i}os
and Ruggeri, Fabrizio",
title="Bayesian Robustness",
bookTitle="Robust Bayesian Analysis",
year="2000",
publisher="Springer New York",
pages="1--32"
}

@book{Berger1985,
      author        = "Berger, James O",
      title         = "{Statistical decision theory and {B}ayesian analysis; 2nd
                       ed.}",
      publisher     = "Springer",
      year          = "1985"
}

@article{Berger1980,
author = "Berger, James",
journal = "Ann. Statist.",
month = "07",
number = "4",
pages = "716--761",
title = "A Robust Generalized {B}ayes Estimator and Confidence Region for a Multivariate Normal Mean",
volume = "8",
year = "1980"
}

@article{Berger1990,
 author = {James O. Berger and Christian Robert},
 title = {Subjective Hierarchical {B}ayes Estimation of a Multivariate Normal Mean},
 journal = ANNSTAT,
 number = {2},
 pages = {617--651},
 volume = {18},
 year = {1990}
}

@inproceedings{Vono_MLSP18,
  author = {Vono, Maxime and Dobigeon, Nicolas and Chainais, Pierre},
  title = {Sparse {B}ayesian binary logistic regression using the split-and-augmented {G}ibbs sampler},
  year = {2018},
  booktitle = {IEEE 28th International Workshop on Machine Learning for Signal Processing},
  doi = {10.1109/MLSP.2018.8516963},
  address = {Aalborg, Denmark}
}

@article{Robbins1951,
author = "Robbins, Herbert and Monro, Sutton",
journal = "Ann. Math. Statist.",
month = "09",
number = "3",
pages = "400--407",
title = "A Stochastic Approximation Method",
volume = "22",
year = "1951"
}

@inproceedings{Welling2011,
 author = {Welling, Max and Teh, Yee Whye},
 title = {Bayesian Learning via Stochastic Gradient {L}angevin Dynamics},
 booktitle = {Proc. Int. Conf. Machine Learning (ICML)},
 year = {2011},
 pages = {681--688},
 numpages = {8}
}

@article{Hoffman13a,
  author  = {Matthew D. Hoffman and David M. Blei and Chong Wang and John Paisley},
  title   = {Stochastic Variational Inference},
  journal = {Journal of Machine Learning Research},
  year    = {2013},
  volume  = {14},
  pages   = {1303-1347}
}

@inproceedings{Maclaurin2014,
 author = {Maclaurin, Dougal and Adams, Ryan P.},
 title = {Firefly {Monte} {Carlo}: {Exact} {MCMC} with Subsets of Data},
 booktitle = {Proceedings of the Thirtieth Conference on Uncertainty in Artificial Intelligence},
 series = {UAI'14},
 year = {2014},
 numpages = {10}
}

@InProceedings{Bardenet2014,
  title =    {Towards scaling up {Markov} chain {M}onte {C}arlo: an adaptive subsampling approach },
  author =   {Rémi Bardenet and Arnaud Doucet and Chris Holmes},
  booktitle =    {Proceedings of the 31st International Conference on Machine Learning},
  year =   {2014}
}

@inproceedings{Huggins2016,
title = {Coresets for Scalable {B}ayesian Logistic Regression},
author = {Huggins, Jonathan and Campbell, Trevor and Broderick, Tamara},
booktitle = {Advances in Neural Information Processing Systems},
year = {2016}
}

@InProceedings{Korattikara2014,
  title =    {Austerity in {MCMC} Land: Cutting the {M}etropolis-{H}astings Budget},
  author =   {Anoop Korattikara and Yutian Chen and Max Welling},
  booktitle =    {Proceedings of the 31st International Conference on Machine Learning},
  year =   {2014}
}

@article{Bardenet2017,
  TITLE = {{On Markov chain Monte Carlo methods for tall data}},
  AUTHOR = {Bardenet, R{\'e}mi and Doucet, Arnaud and Holmes, Chris},
  JOURNAL = {{Journal of Machine Learning Research}},
  YEAR = {2017}
}

@article{Wang2013,
  title={Parallelizing {MCMC} via {W}eierstrass Sampler},
  author={Xiangyu Wang and David B. Dunson},
  year={2013},
  url = {https://arxiv.org/abs/1312.4605/}
}

@inproceedings{Neiswanger2014,
 author = {Neiswanger, Willie and Wang, Chong and Xing, Eric P.},
 title = {Asymptotically Exact, Embarrassingly Parallel {MCMC}},
 booktitle = {Proceedings of the Thirtieth Conference on Uncertainty in Artificial Intelligence},
 series = {UAI'14},
 year = {2014}
}

@InProceedings{Minsker2014,
  title =    {Scalable and Robust {B}ayesian Inference via the Median Posterior},
  author =   {Stanislav Minsker and Sanvesh Srivastava and Lizhen Lin and David Dunson},
  booktitle = {Proceedings of the 31st International Conference on Machine Learning},
  year =   {2014}
}

@article{Scott2017,
title = {Comparing Consensus {M}onte {C}arlo Strategies for Distributed {B}ayesian Computation},
author  = {Steve Scott},
year  = {2017},
journal = {Brazillian Journal of Probability and Statistics}
}

@article{Scott2016,
title = {Bayes and Big Data:  The Consensus {M}onte {C}arlo Algorithm},
author  = {Steven L. Scott and Alexander W. Blocker and Fernando V. Bonassi and Hugh A. Chipman and Edward I. George and Robert E. McCulloch},
year  = {2016},
journal = {International Journal of Management Science and Engineering Management},
pages = {78-88},
volume  = {11}
}

@article{Rendell2018,
title = {Global consensus {M}onte {C}arlo},
author = {Lewis J. Rendell and Adam M. Johansen and Anthony Lee and Nick Whiteley},
year = {2020},
journal = {J. Comput. Graph. Stat.},
note = {To appear}
}

@inproceedings{Dean2004,
 author = {Dean, Jeffrey and Ghemawat, Sanjay},
 title = {Map{R}educe: Simplified Data Processing on Large Clusters},
 booktitle = {Proceedings of the 6th Conference on Symposium on Opearting Systems Design \& Implementation - Volume 6},
 series = {OSDI'04},
 year = {2004}
}

@inproceedings{Prekopa1971,
author = {András Prékopa},
title = {Logarithmic Concave Measures with Application to Stochastic Programming},
year = {1971},
month = {January},
pages = {301-316},
journal = {Acta Scientiarum Mathematicarum (Szeged)},
volume = {32}
}

@article{Pereyra2017,
 author = {Pereyra,Marcelo},
 title = {Maximum-a-Posteriori Estimation with {B}ayesian Confidence Regions},
 journal = {SIAM J. Img. Sci.},
 volume = {10},
 number = {1},
 month = mar,
 year = {2017},
 pages = {285--302}
}

@article{Chen2013,
 author = {Yining Chen and Richard J. Samworth},
 journal = {Statistica Sinica},
 number = {3},
 pages = {1373--1398},
 title = {Smoothed log-concave maximum likelihood estimation with applications},
 volume = {23},
 year = {2013}
}

@article{Hartley1958,
 author = {H. O. Hartley},
 journal = {Biometrics},
 number = {2},
 pages = {174--194},
 title = {Maximum Likelihood Estimation from Incomplete Data},
 volume = {14},
 year = {1958}
}

@article{Swendsen1987,
  title = {Nonuniversal critical dynamics in {M}onte {C}arlo simulations},
  author = {Swendsen, Robert H. and Wang, Jian-Sheng},
  journal = {Phys. Rev. Lett.},
  volume = {58},
  issue = {2},
  pages = {86--88},
  year = {1987},
  month = {Jan}
}

@article{Dempster1977,
 author = {A. P. Dempster and N. M. Laird and D. B. Rubin},
 journal = JROYSB,
 number = {1},
 pages = {1--38},
 title = {Maximum Likelihood from Incomplete Data via the {EM} Algorithm},
 volume = {39},
 year = {1977}
}

@TECHREPORT{Mira1997,
  author = {Antonietta Mira and Luke Tierney},
  title = {On the use of auxiliary variables in {M}arkov chain {M}onte {C}arlo sampling},
  institution = {Scandinavian Journal of Statistics},
  year = {1997}
}

@article{TannerWong1987,
 author = "Tanner, Martin A., and Wong, Wing Hung",
 journal = JAStA,
 number = {398},
 pages = {528--540},
 title = {The Calculation of Posterior Distributions by Data Augmentation},
 volume = {82},
 year = {1987}
}

@article{Edwards1988,
  title = {Generalization of the {F}ortuin-{K}asteleyn-{S}wendsen-{W}ang representation and {M}onte {C}arlo algorithm},
  author = {Edwards, Robert G. and Sokal, Alan D.},
  journal = {Phys. Rev. D},
  volume = {38},
  issue = {6},
  pages = {2009--2012},
  year = {1988},
  month = {Sep},
}

@article{Tanner2010,
author = "Tanner, Martin A. and Wong, Wing H.",
journal = "Statist. Sci.",
month = "11",
number = "4",
pages = "506--516",
title = "From {EM} to Data Augmentation: The Emergence of {MCMC} {B}ayesian Computation in the 1980s",
volume = "25",
year = "2010"
}

@article{Damien1999,
author = {Damien, P. and Wakefield, J. and Walker, S.},
title = {Gibbs sampling for {B}ayesian non-conjugate and hierarchical models by using auxiliary variables},
journal = JROYSB,
volume = {61},
number = {2},
pages = {331-344},
year = {1999}
}

@inproceedings{Polson1996,
author = {Polson, N. G.},
title = {Convergence of {M}arkov chain {M}onte {C}arlo algorithms},
year = {1996},
pages = {297-321},
booktitle = {Bayesian Statistics 5},
editor = {Bernardo, J. M. and Berger, J. O. and Dawid, A. P. and Smith A. F. M.}
}

@Article{Hurn1997,
author="Hurn, Merrilee",
title="Difficulties in the use of auxiliary variables in {M}arkov chain {M}onte {C}arlo methods",
journal=StatComput,
year="1997",
month="Mar",
volume="7",
number="1",
pages="35--44"
}

@article{Meng1997,
author = {Meng, Xiao-Li and Van Dyk, David},
title = {The {EM} Algorithm -- an Old Folk-song Sung to a Fast New Tune},
journal = JROYSB,
volume = {59},
number = {3},
pages = {511-567},
year = {1997}
}

@article{Polson2015,
  author = {Polson, Nicholas G. and Scott, James G. and Willard, Brandon T.},
  journal = "Statist. Sci.",
  month = "11",
  number = "4",
  pages = "559--581",
  title = "Proximal Algorithms in Statistics and Machine Learning",
  volume = "30",
  year = "2015"
}

@ARTICLE{Geman1992,
  author = {D. Geman and G. Reynolds},
  journal = {IEEE Transactions on Pattern Analysis and Machine Intelligence},
  title = {Constrained restoration and the recovery of discontinuities},
  year = {1992},
  doi = {10.1109/34.120331},
  volume = {14},
  number = {3},
  pages = {367--383},
  month = {March}
}

@ARTICLE{Geman1995,
author={D. Geman and Chengda Yang},
journal=IEEEIP,
title={Nonlinear image recovery with half-quadratic regularization},
year={1995},
volume={4},
number={7},
pages={932-946},
month={July}
}

@article{Scheffe1947,
author = "Scheff\'e, Henry",
journal = "Ann. Math. Statist.",
month = "09",
number = "3",
pages = "434--438",
title = "A Useful Convergence Theorem for Probability Distributions",
volume = "18",
year = "1947"
}

@ARTICLE{Idier2001,
author={J. Idier},
journal=IEEEIP,
title={Convex half-quadratic criteria and interacting auxiliary variables for image restoration},
year={2001},
volume={10},
number={7},
pages={1001-1009},
month={July}
}

@Article{Doucet2002,
author="Doucet, Arnaud and Godsill, Simon J. and Robert, Christian P.",
title="Marginal maximum a posteriori estimation using {M}arkov chain {M}onte {C}arlo",
journal=StatComput,
year="2002",
month="Jan",
day="01",
volume="12",
number="1",
pages="77--84"
}

@TECHREPORT{Neal1997,
  author = {Radford M. Neal},
  title = {Markov chain {M}onte {C}arlo Methods Based on `Slicing' the Density Function},
  institution = {},
  year = {1997}
}

@ARTICLE{Geman1984,
author={S. Geman and D. Geman},
journal={IEEE Trans. Patt. Anal. Mach. Intell.},
title={Stochastic Relaxation, {G}ibbs Distributions, and the {B}ayesian Restoration of Images},
year={1984},
volume={6},
number={6},
pages={721-741},
month={Nov}
}

@book{Blake1987,
 author = {Blake, Andrew and Zisserman, Andrew},
 title = {Visual Reconstruction},
 year = {1987},
 publisher = {MIT Press},
 address = {Cambridge, MA, USA},
}

@article {Beaumont2002,
  author = {Beaumont, Mark A. and Zhang, Wenyang and Balding, David J.},
  title = {Approximate {B}ayesian Computation in Population Genetics},
  volume = {162},
  number = {4},
  pages = {2025--2035},
  year = {2002},
  journal = {Genetics}
}

@incollection{Sisson2018,
title = {Overview of approximate {Bayesian} computation},
author = {S. A. Sisson and Y. Fan and M. A. Beaumont},
year = {2018},
booktitle = {Handbook of {A}pproximate {B}ayesian {C}omputation}
}

@article{Choi2013,
author = "Choi, Hee Min and Hobert, James P.",
journal = "Electron. J. Statist.",
pages = "2054--2064",
title = "The {P}\'olya-{G}amma {G}ibbs sampler for {B}ayesian logistic regression is uniformly ergodic",
volume = "7",
year = "2013"
}

@article{Banerjee2005,
 author = {Banerjee, Arindam and Merugu, Srujana and Dhillon, Inderjit S. and Ghosh, Joydeep},
 title = {Clustering with {B}regman Divergences},
 journal = {J. Mach. Learn. Res.},
 volume = {6},
 month = dec,
 year = {2005},
 pages = {1705--1749},
 numpages = {45}
}

@article{Walker1969,
 author = {A. M. Walker},
 journal = JROYSB,
 number = {1},
 pages = {80--88},
 title = {On the Asymptotic Behaviour of Posterior Distributions},
 volume = {31},
 year = {1969}
}

@article {Tavar{\'e}1997,
  author = {Tavar{\'e}, Simon and Balding, David J. and Griffiths, R. C. and Donnelly, Peter},
  title = {Inferring Coalescence Times From {DNA} Sequence Data},
  volume = {145},
  number = {2},
  pages = {505--518},
  year = {1997},
  journal = {Genetics}
}

@article{Cornuet2008,
author = {Cornuet, Jean-Marie and Santos, Filipe and Beaumont, Mark A. and Robert, Christian P. and Marin, Jean-Michel and Balding, David J. and Guillemaud, Thomas and Estoup, Arnaud},
title = {Inferring population history with {DIYABC}: a user-friendly approach to approximate {B}ayesian computation},
journal = {Bioinformatics},
volume = {24},
number = {23},
pages = {2713-2719},
year = {2008}
}

@article{Wei1991,
 author = {Greg C. G. Wei and Martin A. Tanner},
 journal = {Biometrics},
 number = {4},
 pages = {1297--1309},
 title = {Applications of Multiple Imputation to the Analysis of Censored Regression Data},
 volume = {47},
 year = {1991}
}

@article{Peel2000,
author="Peel, D. and McLachlan, G. J.",
title="Robust mixture modelling using the t distribution",
journal=StatComput,
year="2000",
month="Oct",
day="01",
volume="10",
number="4",
pages="339--348"
}

@article{Lawless1987,
author = {Lawless, Jerald F.},
title = {Negative binomial and mixed {P}oisson regression},
journal = {Can. J. Statistics},
volume = {15},
number = {3},
pages = {209-225},
year = {1987}
}

@article{Rubin1984,
author = "Rubin, Donald B.",
journal = "Ann. Statist.",
month = "12",
number = "4",
pages = "1151--1172",
title = "Bayesianly Justifiable and Relevant Frequency Calculations for the Applied Statistician",
volume = "12",
year = "1984"
}

@book{Sisson2018handbook,
  title={Handbook of {A}pproximate {B}ayesian {C}omputation},
  author={Sisson, S.A. and Fan, Y. and Beaumont (eds), M.},
  series={Chapman \& Hall/CRC Handbooks of Modern Statistical Methods},
  year={2018},
  publisher={CRC Press}
}

@article{Wilkinson2013,
author = {Wilkinson, Richard},
year = {2013},
month = {05},
pages = {1-13},
title = {Approximate {B}ayesian Computation ({ABC}) gives exact results under the assumption of model error},
volume = {12},
journal = {Statistical applications in genetics and molecular biology}
}

@article{Fearnhead2012,
 author = {Paul Fearnhead and Dennis Prangle},
 journal = JROYSB,
 number = {3},
 pages = {419--474},
 publisher = {Wiley},
 title = {Constructing summary statistics for approximate Bayesian computation: semi-automatic approximate Bayesian computation},
 volume = {74},
 year = {2012}
}

@inproceedings{Djafari2018,
  TITLE = {{Bayesian Inference with Error Variable Splitting and Sparsity Enforcing Priors for Linear Inverse Problems}},
  AUTHOR = {Mohammad-Djafari, Ali and Dumitru, Mircea and Chapdelaine, Camille and Gac, Nicolas},
  BOOKTITLE = {{26th European Signal Processing Conference (EUSIPCO 2018)}},
  ADDRESS = {Rome, Italy},
  YEAR = {2018},
  MONTH = Sep
}

@Article{Marin2012,
author="Marin, Jean-Michel
and Pudlo, Pierre
and Robert, Christian P.
and Ryder, Robin J.",
title="Approximate {B}ayesian computational methods",
journal=StatComput,
year="2012",
month="Nov",
day="01",
volume="22",
number="6",
pages="1167--1180"
}

@incollection{Blum2018,
title = {Regression approaches for Approximate Bayesian Computation},
author = {Blum, Michael G. B.},
year = {2018},
booktitle = {Handbook of {A}pproximate {B}ayesian {C}omputation}
}

@article{Dumbgen2009,
author = {D{\"u}mbgen, Lutz and Rufibach, Kaspar},
journal = "Bernoulli",
month = "02",
number = "1",
pages = "40--68",
title = "Maximum likelihood estimation of a log-concave density and its distribution function: Basic properties and uniform consistency",
volume = "15",
year = "2009"
}

@article{Wei1990,
 author = {Greg C. G. Wei and Martin A. Tanner},
 journal = JAStA,
 number = {411},
 pages = {699--704},
 publisher = {[American Statistical Association, Taylor & Francis, Ltd.]},
 title = {A {M}onte {C}arlo Implementation of the {EM} Algorithm and the Poor Man's Data Augmentation Algorithms},
 volume = {85},
 year = {1990}
}

@book{Opper2001,
  author = {M. Opper and D. Saad},
  title = {Advanced {M}ean {F}ield {M}ethods: {T}heory and {P}ractice},
  year = {2001},
  publisher = {MIT Press}
}

@inproceedings{Bishop2000,
 author = {Bishop, Christopher M. and Tipping, Michael E.},
 title = {Variational Relevance Vector Machines},
 booktitle = {UAI},
 year = {2000}
}

@article{Scott2013,
author = {James G. Scott and Liang Sun},
title = {Expectation-maximization for logistic regression
},
year = {2013},
url = {https://arxiv.org/abs/1306.0040/}
}

@book{Bishop2006,
 author = {Bishop, Christopher M.},
 title = {Pattern {R}ecognition and {M}achine {L}earning},
 year = {2006},
 publisher = {Springer-Verlag}
}

@Article{Jaakkola2000,
author="Jaakkola, Tommi S. and Jordan, Michael I.",
title="Bayesian parameter estimation via variational methods",
journal=StatComput,
year="2000",
month="Jan",
day="01",
volume="10",
number="1",
pages="25--37"
}

@phdthesis{Drovandi2012,
  author       = {C. C. Drovandi},
  title        = {Bayesian algorithms with applications},
  school       = {Queensland University of Technology},
  year         = 2012
}

@article{Barthelme2014,
author = {Simon Barthelm{\'e} and Nicolas Chopin},
title = {Expectation Propagation for Likelihood-Free Inference},
journal = JAStA,
volume = {109},
number = {505},
pages = {315-333},
year  = {2014}
}

@Article{Baragatti2013,
author="Baragatti, Me{\"i}li
and Grimaud, Agn{\`e}s
and Pommeret, Denys",
title="Likelihood-free parallel tempering",
journal=StatComput,
year="2013",
month="Jul",
day="01",
volume="23",
number="4",
pages="535--549"
}

@Article{DelMoral2012,
author="Del Moral, Pierre
and Doucet, Arnaud
and Jasra, Ajay",
title="An adaptive sequential {M}onte {C}arlo method for approximate {B}ayesian computation",
journal=StatComput,
year="2012",
month="Sep",
day="01",
volume="22",
number="5",
pages="1009--1020"
}

@book{Folland1999,
  title={Real Analysis: {M}odern Techniques and Their Applications},
  author={Folland, G.B.},
  year={1999},
  publisher={Wiley}
}

@book{Dharmadhikari1988,
  title={Unimodality, Convexity, and Applications},
  author={Dharmadhikari, S. and Joag-Dev, K.},
  year={1988},
  publisher={Elsevier Science}
}

@book{vandeGeer2016,
   title =     {Estimation and Testing Under Sparsity},
   author =    {van de Geer, Sara},
   publisher = {Springer International Publishing},
   year =      {2016},
   series =    {Lecture Notes in Mathematics 2159},
   edition =   {1},
   }

@article{Vono_2019sub,
  author = {M. Vono and N. Dobigeon and P. Chainais},
  title = {Asymptotically exact data augmentation: models, properties and algorithms},
  journal = {J. Comput. Graph. Stat.},
  year = {2020},
  note = {To appear}
}

@article{Schneider2003,
  author = {Schneider, Michael K. and Willsky, Alan S.},
  title = {{A {K}rylov Subspace Method for Covariance Approximation and Simulation of Random Processes and Fields}},
  journal = {Multidimens. Syst. Signal Process.},
  year = {2003},
  volume = {14},
  number = {4},
  pages = {295--318},
  doi = {10.1023/A:1023530718764}
}

@article{Parker2012,
  author = {Parker, A. and Fox, C.},
  title = {{Sampling {G}aussian Distributions in {K}rylov Spaces with Conjugate Gradients}},
  journal = {SIAM J. Sci. Comput.},
  volume = {34},
  number = {3},
  pages = {B312--B334},
  year = {2012},
  doi = {10.1137/110831404}
}

@misc{Simpson2008,
  title = {Fast sampling from a {G}aussian {M}arkov random field using {K}rylov subspace approaches},
  year = {2008},
  author = {Daniel P. Simpson and Ian W. Turner and Anthony N. Pettitt},
  url = {https://eprints.qut.edu.au/14376/}
}

@article{Rue2001,
 author = {Havard Rue},
 journal = {J. Roy. Stat. Soc. Ser. B},
 number = {2},
 pages = {325--338},
 title = {{Fast Sampling of {G}aussian {M}arkov Random Fields}},
 volume = {63},
 year = {2001},
 doi = {10.1111/1467-9868.00288}
}

@article{RobertsSahu1997,
  author = {Roberts, G. O. and Sahu, S. K.},
  title = {{Updating Schemes, Correlation Structure, Blocking and Parameterization for the {G}ibbs Sampler}},
  journal = {J. Roy. Stat. Soc. Ser. B},
  volume = {59},
  number = {2},
  pages = {291--317},
  year = {1997},
  doi = {10.1111/1467-9868.00070}
}

@article{HestenesStiefel1952,
  author = {Hestenes, M. R. and Stiefel, E.},
  journal = {J. Res. Natl. Inst. Stand.},
  pages = {409--436},
  title = {Methods of {C}onjugate {G}radients for {S}olving {L}inear {S}ystems},
  volume = {49},
  year = {1952},
  number = {6}
}

@book{Cressie1993,
  title = {Statistics for Spatial Data},
  author = {Cressie, N. A. C.},
  year = {1993},
  publisher = {Wiley},
  address = {New York},
  edition = {2}
}

@article{Besag1995,
  author = {Besag, J. and Kooperberg, C.},
  doi = {10.2307/2337341},
  journal = {Biometrika},
  number = {4},
  pages = {733-746},
  title = {On conditional and intrinsic autoregressions},
  volume = {82},
  year = {1995}
}

@article{Kittler1984,
  title = {Contextual classification of multispectral pixel data},
  journal = {Image Vis. Comput.},
  volume = {2},
  number = {1},
  pages = {13--29},
  year = {1984},
  author = {J. Kittler and J. F\"oglein},
  doi = {10.1016/0262-8856(84)90040-4}
}

@article{Giudici1999,
  author = {Paolo Giudici and Peter J. Green},
  journal = {Biometrika},
  number = {4},
  pages = {785--801},
  title = {Decomposable {G}raphical {G}aussian {M}odel {D}etermination},
  volume = {86},
  year = {1999},
  doi = {10.1093/biomet/86.4.785}
}

@Article{Fahrmeir2001,
  author = {Fahrmeir, Ludwig and Lang, Stefan},
  title = {Bayesian {S}emiparametric {R}egression {A}nalysis of {M}ulticategorical {T}ime-{S}pace {D}ata},
  doi = {10.1023/A:1017904118167},
  journal = {Ann. Inst. Statist. Math.},
  year = {2001},
  volume = {53},
  number = {1},
  pages = {11--30},
}

@article{Mantoglou1982,
  author = {Mantoglou, Aristotelis and Wilson, John L.},
  title = {The {T}urning {B}ands {M}ethod for simulation of random fields using line generation by a spectral method},
  journal = {Water Resour. Res.},
  volume = {18},
  number = {5},
  pages = {1379--1394},
  year = {1982},
  doi = {10.1029/WR018i005p01379}
}

@article{Shinozuka1972,
  title = {{Digital simulation of random processes and its applications}},
  journal = {J. Sound Vib.},
  volume = {25},
  number = {1},
  pages = {111--128},
  year = {1972},
  author = {M. Shinozuka and C.-M. Jan},
  doi = {10.1016/0022-460X(72)90600-1}
}

@article{Mejia1974,
  author = {Mej\'ia, Jos\'e M. and Rodr\'iguez-Iturbe, Ignacio},
  title = {On the synthesis of random field sampling from the spectrum: An application to the generation of hydrologic spatial processes},
  journal = {Water Resour. Res.},
  volume = {10},
  number = {4},
  pages = {705--711},
  year = {1974},
  doi = {10.1029/WR010i004p00705}
}

@article{Yang2017,
title = {{Sparse Bayesian dictionary learning with a Gaussian hierarchical model}},
journal = "Signal Processing",
volume = "130",
pages = "93--104",
year = "2017",
doi = {10.1016/j.sigpro.2016.06.016},
author = "Linxiao Yang and Jun Fang and Hong Cheng and Hongbin Li"
}

@article{Lanczos1950,
  author = {Lanczos, Cornelius},
  title = {An iteration method for the solution of the eigenvalue problem of linear differential and integral operators},
  journal = {Journal of Research of the National Bureau of Standards},
  volume = {45},
  year = {1950},
  pages = {255--282},
  number = {4},
  url = {https://nvlpubs.nist.gov/nistpubs/jres/045/jresv45n4p255_A1b.pdf}
}

@book{Saad2003,
 author = {Saad, Y.},
 title = {Iterative Methods for Sparse Linear Systems},
 year = {2003},
 edition = {2nd},
 publisher = {Society for Industrial and Applied Mathematics},
 address = {Philadelphia, PA, USA},
}

@article{Chow2014,
  author = {Chow, E. and Saad, Y.},
  title = {Preconditioned {K}rylov {S}ubspace {M}ethods for {S}ampling {M}ultivariate {G}aussian {D}istributions},
  journal = {SIAM J. Sci. Comput.},
  volume = {36},
  number = {2},
  pages = {A588-A608},
  year = {2014},
  doi = {10.1137/130920587}
}

@ARTICLE{Orieux2012, 
author={F. {Orieux} and O. {Feron} and J. -. {Giovannelli}}, 
journal={IEEE Signal Process. Lett.}, 
title={Sampling High-Dimensional Gaussian Distributions for General Linear Inverse Problems}, 
year={2012}, 
volume={19}, 
number={5}, 
pages={251-254}, 
doi={10.1109/LSP.2012.2189104}
}

@incollection{Barbos2017,
  title = {Clone {MCMC}: {P}arallel High-Dimensional {G}aussian {G}ibbs Sampling},
  author = {Barbos, Andrei-Cristian and Caron, Francois and Giovannelli, Jean-Fran\c{c}ois and Doucet, Arnaud},
  booktitle = {Adv. in Neural Information Process. Systems},
  pages = {5020--5028},
  year = {2017}
}

@book{Bellman1966,
title="Numerical inversion of the {L}aplace transform",
author="Bellman, R. E. and Kalaba, R. E. and Lockett, J.",
year="1966",
publisher="Elsevier"
}

@article{Rockafellar1976,
  author = {Rockafellar, R. T.},
  title = {{Monotone Operators and the Proximal Point Algorithm}},
  journal = {SIAM J. Control Optim.},
  volume = {14},
  number = {5},
  pages = {877--898},
  year = {1976},
  doi = {10.1137/0314056}
}

@book{Bellman1957,
  title = {Dynamic Programming},
  author = {Bellman, R. E.},
  year = {1957},
  publisher = {Princeton University Press}
}

@article{Martinet1970,
  author = {Martinet, B.},
  title = {{Br\`eve communication. R\'egularisation d'in\'equations variationnelles par approximations successives}},
  journal = {ESAIM Math. Model. Numer. Anal.},
  year = {1970},
  volume = {4},
  number = {R3},
  pages = {154--158},
  url = {http://www.numdam.org/item/M2AN_1970__4_3_154_0}
}

@article{Guler1991,
author = {G\"uler, O.},
title = {On the Convergence of the Proximal Point Algorithm for Convex Minimization},
journal = SIAMCO,
volume = {29},
number = {2},
pages = {403-419},
year = {1991}
}

@article{Guler1992,
author = {G\"uler, O.},
title = {New Proximal Point Algorithms for Convex Minimization},
journal = SIAMO,
volume = {2},
number = {4},
pages = {649-664},
year = {1992}
}

@misc{Ruszczynski1994,
  month = {March},
  type = {IIASA Working Paper},
  title = {{A Partial Regularization Method for Saddle Point Seeking}},
  author = {A. Ruszczynski},
  year = {1994},
  url = {http://pure.iiasa.ac.at/id/eprint/4189/}
}

@misc{Kallio1994,
  author = {M.J. Kallio and A. Ruszczynski},
  title = {Perturbation {M}ethods for {S}addle {P}oint {C}omputation},
  year = {1994},
  month = {May},
  institution = {International Institute for Applied Systems Analysis},
  url = {http://pure.iiasa.ac.at/id/eprint/4171/1/WP-94-038.pdf}
}

@book{Arrow1958,
  title = {Studies in linear and non-linear programming},
  author = {Arrow, K. J. and Hurwicz, L. and Uzawa, H.},
  year = {1958},
  publisher = {Stanford University Press}
}

@article{Korpelevich1977,
title = {The extragradient method for finding saddle points and other problems},
journal = {Ekonomika i Matematicheskie Metody},
volume = {12},
pages = {747-756},
author = {Korpelevich, G. M.},
year = {1977}
}

@article{Rockafellar1976_aug,
 author = {R. T. Rockafellar},
 journal = {Mathematics of Operations Research},
 number = {2},
 pages = {97--116},
 title = {Augmented {L}agrangians and Applications of the Proximal Point Algorithm in Convex Programming},
 volume = {1},
 year = {1976}
}

@TECHREPORT{Zhu1008,
    author = {Mingqiang Zhu and Tony Chan},
    title = {An efficient primal-dual hybrid gradient algorithm for total variation image restoration, tech},
    institution = {},
    year = {2008}
}

@article{Esser2010,
  author = {Esser, E. and Zhang, X. and Chan, T.},
  title = {A {G}eneral {F}ramework for a {C}lass of {F}irst {O}rder {P}rimal-{D}ual {A}lgorithms for {C}onvex {O}ptimization in {I}maging {S}cience},
  journal = {SIAM J. Imaging Sci.},
  doi = {10.1137/09076934X},
  volume = {3},
  number = {4},
  pages = {1015--1046},
  year = {2010}
}

@article{Bramble1997,
  author = {Bramble, J. and Pasciak, J. and Vassilev, A.},
  title = {Analysis of the Inexact {U}zawa Algorithm for Saddle Point Problems},
  doi = {10.1137/S0036142994273343},
  journal = {SIAM Journal on Numerical Analysis},
  volume = {34},
  number = {3},
  pages = {1072-1092},
  year = {1997}
}

@Article{Chambolle2011,
  author = {Chambolle, Antonin and Pock, Thomas},
  title = {A {F}irst-{O}rder {P}rimal-{D}ual {A}lgorithm for {C}onvex {P}roblems with {A}pplications to {I}maging},
  journal = {J. Math. Imaging Vision},
  doi = {10.1007/s10851-010-0251-1},
  year = {2011},
  month = {May},
  day = {01},
  volume = {40},
  number = {1},
  pages = {120--145}
}

@Article{Zhang2011,
author = {Zhang, Xiaoqun and Burger, Martin and Osher, Stanley},
title = {{A Unified Primal-Dual Algorithm Framework Based on Bregman Iteration}},
journal = {J. Sci. Comput.},
year = "2011",
month = "Jan",
day = "01",
volume = "46",
number = "1",
pages = "20--46",
doi = {10.1007/s10915-010-9408-8}
}

@article{Rockafellar1970,
author = "Rockafellar, R. T.",
journal = "Pacific J. Math.",
number = "1",
pages = "209--216",
title = "On the maximal monotonicity of subdifferential mappings",
volume = "33",
year = "1970"
}

@MISC{Rockafellar1970_2,
    author = {Rockafellar, R. T.},
    journal = {Nonlinear Func. Ana.},
    title = {Monotone operators associated with saddle- functions and minimax problems},
    year = {1970},
    volume = {1}
}

@article{Minty1962,
  author = {Minty, George J.},
  journal = {Duke Math. J.},
  month = {09},
  number = {3},
  pages = {341--346},
  title = {Monotone (nonlinear) operators in {H}ilbert space},
  volume = {29},
  year = {1962},
  doi = {10.1215/S0012-7094-62-02933-2}
}

@article{Opial1967,
author = "Opial, Zdzisław",
journal = "Bull. Amer. Math. Soc.",
month = "07",
number = "4",
pages = "591--597",
publisher = "American Mathematical Society",
title = "Weak convergence of the sequence of successive approximations for nonexpansive mappings",
volume = "73",
year = "1967"
}

@book{Bauschke2013,
 author = {Bauschke, Heinz H. and Burachik, Regina S. and Combettes, Patrick L. and Elser, Veit and Luke, D. Russell and Wolkowicz (eds), Henry},
 title = {Fixed-{P}oint {A}lgorithms for {I}nverse {P}roblems in {S}cience and {E}ngineering},
 year = {2013}
} 

@book{Rue2005,
 author = {Rue, Havard and Held, Leonhard},
 title = {{Gaussian {M}arkov Random Fields: Theory And Applications}},
 year = {2005},
 publisher = {Chapman \& Hall/CRC}
} 

@inbook{Higdon2006,
  booktitle={Statistical Methods for Spatio-Temporal Systems},
  editor={Finkenstadt, B. and Held, L. and Isham, V.},
  author={Higdon, G.},
  series={Chapman \& Hall/CRC Monographs on Statistics \& Applied Probability},
  title={A primer on space-time modelling from a Bayesian perspective},
  year={2006},
  publisher={CRC Press}
}

@inbook{Hurn2003,
  booktitle={Highly Structured Stochastic Systems},
  editor={Green, P. J. and Hjort N. L. and Richardson, S.},
  author={Hurn, M. A. and Husby, O. K. and and Rue, H.},
  series={Oxford Statistical Science Series},
  title={Advances in Bayesian image analysis},
  year={2003},
  publisher={Oxford University Press}
}

@article{Howard2014,
title = "Sampling-based uncertainty quantification in deconvolution of {X}-ray radiographs",
journal = JCAM,
volume = "270",
pages = "43 - 51",
year = "2014",
author = "Marylesa Howard and Aaron Luttman and Michael Fowler"
}

@article{Shun95,
 author = {Zhenming Shun and Peter McCullagh},
 journal = JROYSB,
 number = {4},
 pages = {749--760},
 title = {Laplace Approximation of High Dimensional Integrals},
 volume = {57},
 year = {1995}
}

@article{Scheur1962,
 author = {Ernest M. Scheuer and David S. Stoller},
 journal = {Technometrics},
 number = {2},
 pages = {278--281},
 title = {{On the Generation of Normal Random Vectors}},
 volume = {4},
 year = {1962},
 doi = {10.2307/1266625}
}

@article{Barr1972,
 author = {Barr, Donald R. and Slezak, Norman L.},
 title = {A Comparison of Multivariate Normal Generators},
 journal = {Commun. ACM},
 volume = {15},
 number = {12},
 month = dec,
 year = {1972},
 pages = {1048--1049},
 numpages = {2}
} 

@article{Gneiting2006,
 author = {Tilmann Gneiting and Hana Ševčíková and Donald B. Percival and Martin Schlather and Yindeng Jiang},
 journal = JCGS,
 number = {3},
 pages = {483--501},
 title = {Fast and Exact Simulation of Large {G}aussian Lattice Systems in two dimensions: Exploring the Limits},
 volume = {15},
 year = {2006}
}

@Book{Golub1989,
  Title = {Matrix Computations},
  Author = {Golub, Gene H. and Van Loan, Charles F.},
  Publisher = {The Johns Hopkins University Press},
  Year = {1989},
  Edition = {2nd}
}

@article{ParkerFox2012,
author = {Parker, A. and Fox, C.},
title = {Sampling {G}aussian Distributions in {K}rylov Spaces with Conjugate Gradients},
journal = SIAMSC,
volume = {34},
number = {3},
pages = {B312-B334},
year = {2012}
}

@Article{Aune2013,
  title = {Iterative numerical methods for sampling from high dimensional {G}aussian distributions},
  author = {Aune, Erlend and Eidsvik, Jo and Pokern, Yvo},
  doi = {10.1007/s11222-012-9326-8},
  journal = {Stat. Comput.},
  year = {2013},
  month = {Jul},
  day = {01},
  volume = {23},
  number = {4},
  pages = {501--521}
}

@article{Adler1981,
  title = {Over-relaxation method for the {M}onte {C}arlo evaluation of the partition function for multiquadratic actions},
  author = {Adler, Stephen L.},
  journal = {Phys. Rev. D},
  volume = {23},
  issue = {12},
  pages = {2901--2904},
  numpages = {0},
  year = {1981},
  month = {Jun}
}

@article{Barone1990, 
title={Improving Stochastic Relaxation for {G}aussian Random Fields},
author = {Barone, P. and Frigessi, A.}, 
volume={4},
number={3}, 
journal={Probab. Eng. Inform. Sc.}, 
year={1990}, 
pages={369–389}
}

@inproceedings{Johnson2013,
  title = {Analyzing {H}ogwild Parallel {G}aussian {G}ibbs Sampling},
  author = {Johnson, Matthew and Saunderson, James and Willsky, Alan},
  booktitle = {Adv. in Neural Information Process. Systems},
  pages = {2715--2723},
  year = {2013}
}

@article{Fox2017,
  author = {Fox, Colin and Parker, Albert},
  journal = {Bernoulli},
  month = {11},
  number = {4B},
  pages = {3711--3743},
  title = {Accelerated {G}ibbs sampling of normal distributions using matrix splittings and polynomials},
  doi = {10.3150/16-BEJ863},
  volume = {23},
  year = {2017}
}

@article{Schervish1992,
 author = {Mark J. Schervish and Bradley P. Carlin},
 journal = JCGS,
 number = {2},
 pages = {111--127},
 title = {On the Convergence of Successive Substitution Sampling},
 volume = {1},
 year = {1992}
}

@book{Bauschke2017,
 author = {Bauschke, Heinz H. and Combettes, Patrick L.},
 title = {Convex Analysis and Monotone Operator Theory in Hilbert Spaces},
 year = {2017},
 edition = {2nd},
 publisher = {Springer International Publishing},
} 

@article{Moreau1965,
  author = {Moreau, Jean Jacques},
  title = {Proximit\'e et dualit\'e dans un espace hilbertien},
  journal = {Bull. de la Soc. Math. de France},
  publisher = {Soci\'et\'e math\'ematique de France},
  volume = {93},
  year = {1965},
  pages = {273--299},
  doi = {10.24033/bsmf.1625}
}

@article{Martinet1972,
  author = {Martinet, B.},
  title = {{Determination approach\'e d'un point fixe d’une application pseudocontractante. Cas de l'application prox}},
  journal = {CR Math. Acad. Sci. Paris},
  address = {Paris},
  series = {S\'erie A},
  volume = {274},
  year = {1972},
  pages = {163-165}
}

@article{Bredies2017,
  author = {Bredies, Kristian and Sun, Hongpeng},
  title = {A Proximal Point Analysis of the Preconditioned Alternating Direction Method of Multipliers},
  journal = {J. Optim. Theory Appl.},
  year = {2017},
  month = {Jun},
  day = {01},
  volume = {173},
  number = {3},
  pages = {878--907},
  doi = {10.1007/s10957-017-1112-5},
}

@article{Li2016,
  author = {Li, M. and Sun, D. and Toh, K.},
  title = {A {M}ajorized {ADMM} with {I}ndefinite {P}roximal {T}erms for {L}inearly {C}onstrained {C}onvex {C}omposite {O}ptimization},
  journal = {SIAM J. Optim.},
  volume = {26},
  number = {2},
  pages = {922--950},
  year = {2016},
  doi = {10.1137/140999025}
}

@inproceedings{Mahalanobis1936,
  author = {Mahalanobis, P. C.},
  booktitle = {Proceedings National Institute of Science, India},
  day = {16},
  month = apr,
  number = {1},
  pages = {49--55},
  title = {{On the generalised distance in statistics}},
  volume = {2},
  year = {1936}
}

@book{Varga1962,
  title = {Matrix Iterative Analysis},
  author = {Varga, R.S.},
  year = {1962},
  edition = {1st},
  publisher = {Prentice-Hall}
}

@article{Goodman1989,
  title = {Multigrid {M}onte {C}arlo method. {C}onceptual foundations},
  author = {Goodman, Jonathan and Sokal, Alan D.},
  journal = {Phys. Rev. D},
  volume = {40},
  issue = {6},
  pages = {2035--2071},
  year = {1989},
  month = {Sep},
  publisher = {American Physical Society},
  doi = {10.1103/PhysRevD.40.2035}
}

@misc{Simpson2013,
  title = {{Scalable iterative methods for sampling from massive Gaussian random vectors}},
  author = {Simpson, Daniel P. and Turner, Ian W. and  Strickland, Christopher M. and Pettitt, Anthony N.},
  year = {2013},
  eprint = {1312.1476}
}

@article{Thomas2007,
 author = {Thomas, David B. and Luk, Wayne and Leong, Philip H.W. and Villasenor, John D.},
 title = {{Gaussian Random Number Generators}},
 journal = {ACM Comput. Surv.},
 volume = {39},
 number = {4},
 month = nov,
 year = {2007},
 doi = {10.1145/1287620.1287622}
} 

@ARTICLE{LeCun1998, 
  author = {Y. {Le Cun} and L. {Bottou} and Y. {Bengio} and P. {Haffner}}, 
  journal = {Proc. IEEE}, 
  title = {Gradient-based learning applied to document recognition}, 
  year = {1998}, 
  volume = {86}, 
  number = {11}, 
  pages = {2278--2324}, 
  doi = {10.1109/5.726791}
}

@article{Armstrong2002,
  title = {{MLL} translocations specify a distinct gene expression profile that distinguishes a unique leukemia},
  author = {Armstrong, Scott A. and Staunton, Jane E. and Silverman, Lewis B. and Pieters, Rob and den Boer, Monique L. and Minden, Mark D. and Sallan, Stephen E. and Lander, Eric S. and Golub, Todd R. and Korsmeyer, Stanley J.},
  doi = {10.1038/ng765},
  journal = {Nat. Genet.},
  number = {1},
  volume = {30},
  year = {2002},
  pages = {41--47}
  }

@misc{CoEPrA,
  title = {Comparative Evaluation of Prediction Algorithms},
  author = {Ovidiu Ivanciuc},
  url = {http://www.coepra.org/CoEPrA_regr.html},
  year = {2006}
  }

@article{Cholesky1910,
  author = {Cholesky, Andr\'e-Louis},
  title = {Sur la r\'esolution num\'erique des syst\`emes d'\'equations lin\'eaires},
  year = {1910},
  journal = {Bulletin de la soci\'et\'e des amis de la biblioth\`eque de l'\'Ecole polytechnique},
  volume = {39},
  pages = {81--95}
}

@Article{Davis1987,
  author = {Davis, Michael W.},
  title = {Production of conditional simulations via the {LU} triangular decomposition of the covariance matrix},
  journal = {Math. Geosci.},
  year = {1987},
  month = {Feb},
  day = {01},
  volume = {19},
  number = {2},
  pages = {91--98},
  doi = {10.1007/BF00898189}
}

@Article{Davis1987b,
  author = {Davis, Michael W.},
  title = {Generating large stochastic simulations---{T}he matrix polynomial approximation method},
  journal = {Math. Geosci.},
  year = {1987},
  month = {Feb},
  day = {01},
  volume = {19},
  number = {2},
  pages = {99--107},
  doi = {10.1007/BF00898190}
}

@article{Ilic2004,
  year = {2004},
  journal = {ANZIAM J.},
  number = {E},
  volume = {45},
  title = {Bayesian {C}omputations and {E}fficient {A}lgorithms for {Computing} {F}unctions of {Large} {S}parse {M}atrices},
  author = {Milos Ilic and Tony Pettitt and Ian Turner},
  pages = {504--518},
  url = {https://eprints.qut.edu.au/22511/}
}

@article{Pereira2019,
  title = {{Efficient simulation of Gaussian Markov random fields by Chebyshev polynomial approximation}},
  journal = {Spat. Stat.},
  volume = {31},
  pages = {100359},
  year = {2019},
  doi = {10.1016/j.spasta.2019.100359},
  author = {Mike Pereira and Nicolas Desassis}
}

@article{Turner2010,
year = {2010},
publisher = {Oxford University Press},
journal = {SIAM J. Numer. Anal.},
title = {A Restarted Lanczos Approximation to Functions of a Symmetric Matrix},
month = {May},
author = {Ian W. Turner and Milos Ilic and Daniel P. Simpson},
pages = {1044--1061},
doi = {10.1093/imanum/drp003},
keywords = {Krylov subspace methods, matrix functions, error bounds, Stieltjes transforms, Gaussian Markov random fields, fractional Poisson equation},
url = {https://eprints.qut.edu.au/8011/}
}

@book{Mason2002,
  title = {Chebyshev Polynomials},
  author = {Mason, J.C. and Handscomb, D.C.},
  year = {2002},
  publisher = {CRC Press}
}

@book{Press2007,
  author = {Press, William H. and Teukolsky, Saul A. and Vetterling, William T. and Flannery, Brian P.},
  title = {Numerical Recipes: The Art of Scientific Computing},
  year = {2007},
  edition = {3rd},
  publisher = {Cambridge University Press},
  address = {New York, NY, USA},
} 

@article{Ilic2009,
    author = {Ilic, M. and Turner, I. W. and Simpson, D. P.},
    title = {A restarted {L}anczos approximation to functions of a symmetric matrix},
    journal = {IMA J. Numer. Anal.},
    volume = {30},
    number = {4},
    pages = {1044--1061},
    year = {2009},
    month = {06},
    doi = {10.1093/imanum/drp003}
}

@book{Stewart2001,
  title = {Matrix Algorithms Volume 2: Eigensystems},
  author = {Stewart, G.W.},
  year = {2001},
  publisher = {Society for Industrial and Applied Mathematics}
}

@article{Hale2008b,
  author = {Hale, N. and Higham, N. and Trefethen, L.},
  title = {Computing $A^\alpha, \log(A)$, and {R}elated {M}atrix {Functions} by {C}ontour {I}ntegrals},
  journal = {SIAM Journal on Numerical Analysis},
  volume = {46},
  number = {5},
  pages = {2505--2523},
  year = {2008},
  doi = {10.1137/070700607}
}

@article{Allen2000,
  title = {Numerical approximation of the product of the square root of a matrix with a vector},
  author = {E.J. Allen and J. Baglama and S.K. Boyd},
  doi = {10.1016/S0024-3795(00)00068-9},
  journal = {Linear Algebra Appl.},
  number = {1},
  volume = {310},
  year = {2000},
  month = {may},
  pages = {167--181}
}

@inproceedings{Marnissi2019,
  author = {Y. Marnissi and D. Abboud and E. Chouzenoux and J.-C. Pesquet and M. El-Badaoui and A. Benazza-Benyahia},
  title = {{A Data Augmentation Approach for Sampling {G}aussian Models in High Dimension}},
  booktitle = {Proc. European Signal Process. Conf. (EUSIPCO)},
  address = {Coruna, Spain},
  year = {2019}
}

@article{Roberts1996,
author = "Roberts, Gareth O. and Tweedie, Richard L.",
journal = "Bernoulli",
month = "12",
number = "4",
pages = "341--363",
publisher = "Bernoulli Society for Mathematical Statistics and Probability",
title = {Exponential convergence of {L}angevin distributions and their discrete approximations},
doi = "10.2307/3318418",
volume = "2",
year = "1996"
}

@article{Galerne2011,
author={B. {Galerne} and Y. {Gousseau} and J. {Morel}},
journal={IEEE Trans. Image Process.},
title={Random Phase Textures: Theory and Synthesis},
year={2011},
volume={20},
number={1},
pages={257-267},
doi={10.1109/TIP.2010.2052822},
month={Jan}
}

@article{Brahim2004,
title = "Gaussian process for nonstationary time series prediction",
journal = "Comput. Statist. Data Anal.",
volume = "47",
number = "4",
pages = "705 - 712",
year = "2004",
issn = "0167-9473",
doi = "10.1016/j.csda.2004.02.006",
author = "Sofiane Brahim-Belhouari and Amine Bermak"
}

@article{Wood1994,
author = { Andrew T. A.   Wood  and  Grace   Chan },
title = {Simulation of {S}tationary {G}aussian {Processes} in $[0, 1]^d$},
journal = {J. Comput. Graph. Stat.},
volume = {3},
number = {4},
pages = {409--432},
year  = {1994},
publisher = {Taylor & Francis},
doi = {10.1080/10618600.1994.10474655}
}

@article{Dietrich1997,
author = {Dietrich, C. R. and Newsam, G. N.},
title = {Fast and {E}xact {S}imulation of {S}tationary {Gaussian} {P}rocesses through {C}irculant {E}mbedding of the {C}ovariance {Matrix}},
journal = {SIAM J. Sci. Comput.},
volume = {18},
number = {4},
pages = {1088-1107},
year = {1997},
doi = {10.1137/S1064827592240555}
}

@article{Li2015,
author = {Yifang Li and Sujit K. Ghosh},
title = {{Efficient Sampling Methods for Truncated Multivariate Normal and Student-t Distributions Subject to Linear Inequality Constraints}},
journal = {J. Stat. Theory Pract.},
volume = {9},
number = {4},
pages = {712-732},
year  = {2015},
publisher = {Taylor & Francis},
doi = {10.1080/15598608.2014.996690}
}

@article{Wilhelm2010,
author = {Wilhelm, Stefan and Manjunath, B.},
year = {2010},
month = {06},
pages = {},
title = {{tmvtnorm: A Package for the Truncated Multivariate Normal Distribution}},
volume = {2},
journal = {R J.},
doi = {10.32614/RJ-2010-005}
}

@Inproceedings{Altmann_IEEE_SSP_2014,
  author       = {Y. Altmann and S. McLaughlin and N. Dobigeon},
  title        = {Sampling from a multivariate gaussian distribution truncated on a simplex: a review},
  booktitle    = {Proc. IEEE-SP Workshop Stat. and Signal Process. (SSP)},
  year         = {2014},
  month        = {July},
  address      = {Gold Coast, Australia},
  note         = {Invited paper},
  pages        = {113--116},
  doi = {10.1109/SSP.2014.6884588}
}

@article{Trench1964,
author = {Trench, William},
year = {1964},
month = {09},
pages = {512--522},
title = {{An Algorithm for the Inversion of Finite Toeplitz Matrices}},
volume = {12},
number = {3},
journal = {SIAM J. Appl. Math.},
doi = {10.1137/0112045}
}

 @article{Vono_Paulin_Doucet_2019,
  author = {Vono, Maxime and Paulin, Daniel and Doucet, Arnaud},
  year = {2019},
  title = {{Efficient MCMC sampling with dimension-free convergence rate using ADMM-type splitting}},
  eprint = {1905.11937}
}

@article{Green1995,
    author = {Green, Peter J.},
    title = {{Reversible jump Markov chain Monte Carlo computation and Bayesian model determination}},
    journal = {Biometrika},
    volume = {82},
    number = {4},
    pages = {711-732},
    year = {1995},
    month = {12},
    doi = {10.1093/biomet/82.4.711}
}

@book{Li2009,
 author = {Li, Stan Z.},
 title = {{Markov Random Field Modeling in Image Analysis}},
 year = {2009},
 edition = {3rd},
 publisher = {Springer},
} 

@article{Orieux2010,
author = {Fran\c{c}ois Orieux and Jean-Fran\c{c}ois Giovannelli and Thomas Rodet},
journal = {J. Opt. Soc. Am. A},
number = {7},
pages = {1593--1607},
title = {{Bayesian estimation of regularization and point spread function parameters for Wiener--Hunt deconvolution}},
volume = {27},
month = {Jul},
year = {2010},
doi = {10.1364/JOSAA.27.001593}
}

@book{Giovannelli2015,
 author = {Giovannelli, Jean-Fran\c{c}ois and Idier, J{\'e}r\^{o}me},
 title = {{Regularization and Bayesian Methods for Inverse Problems in Signal and Image Processing}},
 year = {2015},
 edition = {1st},
 publisher = {Wiley-IEEE Press},
} 

@article{Cockayne2019,
author = "Cockayne, Jon and Oates, Chris J. and Ipsen, Ilse C.F. and Girolami, Mark",
doi = "10.1214/19-BA1145",
journal = "Bayesian Analysis",
number = "3",
pages = "937--1012",
title = {{A Bayesian Conjugate Gradient Method (with Discussion)}},
volume = "14",
year = "2019"
}

@book{Box1994,
 author = {Box, George Edward Pelham and Jenkins, Gwilym M.},
 title = {{Time Series Analysis: Forecasting and Control}},
 year = {1994},
 edition = {3rd},
 publisher = {Prentice Hall PTR}
} 

@inbook{Higdon2007,
author = {Higdon, Dave},
year = {2007},
pages = {217--279},
editor = {B. Finkenst\¨adt, L. Held, and V. Isham},
publisher = {Chapman \& Hall/CRC},
booktitle = {Statistical Meth- ods for Spatio-Temporal Systems},
title = {{A Primer on Space-Time Modeling from a Bayesian Perspective}}
}

@book{MacKay2003,
 author = {MacKay, David J. C.},
 title = {Information Theory, Inference \& Learning Algorithms},
 year = {2003},
 publisher = {Cambridge University Press},
 address = {Cambridge, UK}
} 

@incollection{Rasmussen2003,
author = {Carl Edward Rasmussen},
booktitle = {Bayesian Statistics 7},
title = {{Gaussian Processes to Speed up Hybrid Monte Carlo for Expensive Bayesian Integrals}},
publisher = {Oxford University Press},
adress = {New York},
pages = {651-660},
year = {2003}
}

@ARTICLE{Shi2000,
author={Jianbo Shi and J. Malik},
journal={IEEE Trans. Patt. Anal. Mach. Intell.},
title={Normalized cuts and image segmentation},
year={2000},
volume={22},
number={8},
pages={888-905},
doi={10.1109/34.868688}}

@article{Vasco1999,
author = {Vasco, D. W. and Johnson, Lane R. and Marques, Osni},
title = {{Global Earth structure: inference and assessment}},
journal = {Geophys. J. Int.},
volume = {137},
number = {2},
pages = {381-407},
year = {1999},
month = {05},
doi = {10.1046/j.1365-246X.1999.00823.x}
}

@book{Williams2006,
author = {C. K. I. Williams and C. E. Rasmussen},
title = {Gaussian Processes for Machine Learning},
year = {2006},
publisher = {MIT Press},
adress = {Cambridge, MA}
}

@article{Kass1998,
 author = {Robert E. Kass and Bradley P. Carlin and Andrew Gelman and Radford M. Neal},
 journal = {Amer. Statist.},
 number = {2},
 pages = {93--100},
 title = {Markov Chain Monte Carlo in Practice: A Roundtable Discussion},
 volume = {52},
 year = {1998}
}

@book{Liu2001,
 author = {Liu, Jun S.},
 title = {Monte Carlo Strategies in Scientific Computing},
 year = {2001},
 publisher = {Springer},
} 

@article{Stan2017,
   author = {Bob Carpenter and Andrew Gelman and Matthew Hoffman and Daniel Lee and Ben Goodrich and Michael Betancourt and Marcus Brubaker and Jiqiang Guo and Peter Li and Allen Riddell},
   title = {{Stan: A Probabilistic Programming Language}},
   journal = {J. Stat. Softw.},
   volume = {76},
   number = {1},
   year = {2017},
   pages = {1--32},
   doi = {10.18637/jss.v076.i01}
}

@book{Moivre1718, 
  author = {Moivre, Abraham de}, 
  title = {{The Doctrine of Chances: Or, a Method of Calculating the Probability of Events in Play}}, 
  edition = {1st},
  publisher = {W. Pearson},
  year={1718}
  }

@book{Idier2008,
editor="Idier, J{\'e}r{\^o}me",
title="Bayesian Approach to Inverse Problems",
year="2008",
publisher="Wiley",
doi="10.1002/9780470611197"
}


Those fields that are not to be changed can be left out.
@IEEEtranBSTCTL{IEEEexample:BSTcontrol,
  CTLuse_article_number     = "yes",
  CTLuse_paper              = "yes",
  CTLuse_forced_etal        = "yes",
  CTLmax_names_forced_etal  = "3",
  CTLnames_show_etal        = "1",
  CTLuse_alt_spacing        = "yes",
  CTLalt_stretch_factor     = "4",
  CTLdash_repeated_names    = "no",
  CTLname_format_string     = "{f.~}{vv~}{ll}{, jj}",
  CTLname_latex_cmd         = "",
  CTLname_url_prefix        = "[Online]. Available:"
}
